@inproceedings{Fujii2017a,
  author  = {H. Fujii and D. F. Aranha},
  title   = {Curve25519 for the Cortex-M4 and beyond},
  year    = 2017,
  journal = {Latincrypt 2017},
  month   = {6},
  url     = {http://www.cs.haifa.ac.il/~orrd/LC17/paper39.pdf}
}


@misc{asconv12nist,
  author       = {Christoph Dobraunig and
                  Maria Eichlseder and
                  Florian Mendel and
                  Martin Schl{\"{a}}ffer},
  title        = {{Ascon} v1.2},
  howpublished = {Submission to Round 1 of the NIST Lightweight Cryptography project},
  url          = {https://csrc.nist.gov/CSRC/media/Projects/Lightweight-Cryptography/documents/round-1/spec-doc/ascon-spec.pdf},
  year         = {2019}
}
@article{bertoni2015keccak,
  title   = {Keccak},
  author  = {Bertoni, Guido and Daemen, Joan and Peeters, Michael and Van Assche, Gilles},
  journal = {Cryptology ePrint Archive},
  year    = {2015}
}


@article{jellema2019optimizing,
  title   = {Optimizing ascon on RISC-V},
  author  = {Jellema, Lars},
  journal = {Bachelor Thesis, Radboud University},
  year    = {2019}
}

@misc{riscvgnutoolchainv2023,
  author       = {RISC-V Collaboration},
  title        = {riscv-gnu-toolchain: GNU toolchain for RISC-V, including GCC},
  year         = {2023},
  publisher    = {GitHub},
  journal      = {GitHub repository},
  howpublished = {\url{https://github.com/riscv-collab/riscv-gnu-toolchain}}
}

@misc{asconc2023,
  author       = {Ascon Team},
  title        = {ascon-c: Reference and optimized implementations of Ascon},
  year         = {2023},
  publisher    = {GitHub},
  journal      = {GitHub repository},
  howpublished = {\url{https://github.com/ascon/ascon-c}}
}

@misc{asconv2023,
  author       = {Paulo Pacitti},
  title        = {ascon-v: Ascon lightweight cryptographic algorithm implementation for improved performance on RISC-V },
  year         = {2023},
  publisher    = {GitHub},
  journal      = {GitHub repository},
  howpublished = {\url{https://github.com/paulopacitti/ascon-v}}
}

@inproceedings{10179399,
  author    = {Gerlach, Lukas and Weber, Daniel and Zhang, Ruiyi and Schwarz, Michael},
  booktitle = {2023 IEEE Symposium on Security and Privacy (SP)},
  title     = {A Security RISC: Microarchitectural Attacks on Hardware RISC-V CPUs},
  year      = {2023},
  volume    = {},
  number    = {},
  pages     = {2321-2338},
  doi       = {10.1109/SP46215.2023.10179399}
}

@article{turan2023status,
  title     = {Status Report on the Final Round of the NIST Lightweight Cryptography Standardization Process},
  author    = {Turan, Meltem S{\"o}nmez and McKay, Kerry and Chang, Donghoon and Bassham, Lawrence E and Kang, Jinkeon and Waller, Noah D and Kelsey, John M and Hong, Deukjo},
  year      = {2023},
  publisher = {Meltem Sonmez Turan, Kerry McKay, Donghoon Chang, Jinkeon Kang, Noah Waller}
}

@misc{riscvCryptoVol1,
  author       = {RISC-V Foundation},
  title        = {RISC-V Cryptography Extensions Volume: Scalar \& Entropy Source Instructions (v1.0.1)},
  year         = {2023},
  publisher    = {GitHub},
  journal      = {GitHub repository},
  howpublished = {\url{https://github.com/riscv/riscv-crypto/releases/tag/v1.0.1-scalar}}
}

